@article{westling1984factors,
  title={Factors influencing the force control during precision grip},
  author={Westling, G and Johansson, RS},
  journal={Experimental brain research},
  volume={53},
  number={2},
  pages={277--284},
  year={1984},
  publisher={Springer}
}

@article{van2006touch,
  title={Touch down: the effect of artificial touch cues on orientation in microgravity},
  author={van Erp, Jan BF and van Veen, Hendrik AHC},
  journal={Neuroscience Letters},
  volume={404},
  number={1-2},
  pages={78--82},
  year={2006},
  publisher={Elsevier}
}

@article{dahiya2009tactile,
  title={Tactile sensingâ€”from humans to humanoids},
  author={Dahiya, Ravinder S and Metta, Giorgio and Valle, Maurizio and Sandini, Giulio},
  journal={IEEE transactions on robotics},
  volume={26},
  number={1},
  pages={1--20},
  year={2009},
  publisher={IEEE}
}

@article{elkady2009middlew,
author = {Elkady, Ayssam and Sobh, Tarek},
year = {2012},
month = {05},
pages = {},
title = {Robotics Middleware: A Comprehensive Literature Survey and Attribute-Based Bibliography},
volume = {2012},
journal = {Journal of Robotics},
doi = {10.1155/2012/959013}
}

@MISC{apexOS,
  author =	"Apex.AI",
  title =	"Apex.{OS}\textsuperscript{R}",
  note = "\url{https://www.apex.ai/apex-os}",
  lastchecked =	"June 2020",
  year =	"2020"
}
